<?xml version="1.0" encoding="UTF-8"?><record xmlns="http://www.loc.gov/MARC21/slim" xmlns:cinclude="http://apache.org/cocoon/include/1.0" xmlns:zs="http://www.loc.gov/zing/srw/">
  <leader>00926nz  a2200133n  4500</leader>
  <controlfield tag="001">n  98087235 </controlfield>
  <controlfield tag="003">DLC</controlfield>
  <controlfield tag="005">19980928120618.0</controlfield>
  <controlfield tag="008">980928n| acannaab|          |a aaa |||  </controlfield>
  <datafield tag="010" ind1=" " ind2=" ">
    <subfield code="a">n  98087235 </subfield>
  </datafield>
  <datafield tag="040" ind1=" " ind2=" ">
    <subfield code="a">DLC</subfield>
    <subfield code="c">DLC</subfield>
  </datafield>
  <datafield tag="100" ind1="1" ind2="0">
    <subfield code="a">Cutler, Manasseh,</subfield>
    <subfield code="d">1742-1823.</subfield>
    <subfield code="t">Explanation of the map.</subfield>
    <subfield code="l">French</subfield>
  </datafield>
  <datafield tag="400" ind1="1" ind2="0">
    <subfield code="a">Cutler, Manasseh,</subfield>
    <subfield code="d">1742-1823.</subfield>
    <subfield code="t">Description du sol, des productions, &amp;c. &amp;c. de cette portion des États-Unis.</subfield>
  </datafield>
  <datafield tag="670" ind1=" " ind2=" ">
    <subfield code="a">His Description du sol, des productions, &amp;c. &amp;c. de cette portion des États-Unis, située entre la Pensylvanie, les rivières de l'Ohio &amp; du Scioto, &amp; le Lac Erié. Traduite, d'une brochure imprimeé à Salem, en Amérique, en 1787:</subfield>
    <subfield code="b">t.p. (name not given; Description du sol, des productions, &amp;c. &amp;c. de cette portion des États-Unis, située entre la Pensylvanie, les rivières de l'Ohio &amp; du Scioto, &amp; le Lac Erié. Traduite, d'une brochure imprimeé à Salem, en Amérique, en 1787)</subfield>
  </datafield>
</record>